<record><leader>00000cas a22000007a 4500</leader><controlfield tag="001">15390251</controlfield><controlfield tag="008">870328d192u1959aluwr ne      0    0eng d</controlfield><datafield ind1=" " ind2=" " tag="010"><subfield code="a">sn 87050105 </subfield></datafield><datafield ind1=" " ind2=" " tag="040"><subfield code="a">AAR</subfield><subfield code="b">eng</subfield><subfield code="c">AAR</subfield><subfield code="d">CPN</subfield><subfield code="d">OCLCQ</subfield></datafield><datafield ind1=" " ind2=" " tag="042"><subfield code="a">msc</subfield></datafield><datafield ind1="0" ind2="4" tag="245"><subfield code="a">The Winfield journal.</subfield></datafield><datafield ind1=" " ind2=" " tag="260"><subfield code="a">Winfield, Ala. :</subfield><subfield code="b">[s.n.]</subfield></datafield><datafield ind1=" " ind2=" " tag="300"><subfield code="a">v.</subfield></datafield><datafield ind1=" " ind2=" " tag="310"><subfield code="a">Weekly</subfield></datafield><datafield ind1="0" ind2=" " tag="362"><subfield code="a">-June 25, 1959.</subfield></datafield><datafield ind1=" " ind2=" " tag="515"><subfield code="a">Volume and issue numbering ends with: Vol. 18, no. 27 (July 27, 1944).</subfield></datafield><datafield ind1=" " ind2=" " tag="515"><subfield code="a">Numbering is irregular.</subfield></datafield><datafield ind1=" " ind2=" " tag="588"><subfield code="a">Description based on: Vol. 4, no. 42 (Aug. 28, 1930).</subfield></datafield><datafield ind1=" " ind2=" " tag="752"><subfield code="a">United States</subfield><subfield code="b">Alabama</subfield><subfield code="c">Marion</subfield><subfield code="d">Winfield.</subfield></datafield><datafield ind1="0" ind2="7" tag="785"><subfield code="t">Marion County news (Hamilton, Ala.)</subfield><subfield code="w">(DLC)sn 87050104</subfield></datafield><datafield ind1="0" ind2="7" tag="785"><subfield code="t">Marion County news-Winfield journal</subfield><subfield code="w">(DLC)sn 87050106</subfield></datafield><datafield ind1="1" ind2=" " tag="029"><subfield code="a">AU@</subfield><subfield code="b">000025821253</subfield></datafield></record>